<?xml version="1.0" encoding="UTF-8"?><record xmlns="http://www.loc.gov/MARC21/slim" xmlns:cinclude="http://apache.org/cocoon/include/1.0" xmlns:zs="http://www.loc.gov/zing/srw/">
  <leader>00462nz  a2200145n  4500</leader>
  <controlfield tag="001">no2011010215</controlfield>
  <controlfield tag="003">DLC</controlfield>
  <controlfield tag="005">20110122075206.0</controlfield>
  <controlfield tag="008">110120n| acannaabn          |a aaa     c</controlfield>
  <datafield tag="010" ind1=" " ind2=" ">
    <subfield code="a">no2011010215</subfield>
  </datafield>
  <datafield tag="035" ind1=" " ind2=" ">
    <subfield code="a">(OCoLC)oca08744752</subfield>
  </datafield>
  <datafield tag="040" ind1=" " ind2=" ">
    <subfield code="a">MX-SlUA</subfield>
    <subfield code="b">eng</subfield>
    <subfield code="c">MX-SlUA</subfield>
  </datafield>
  <datafield tag="100" ind1="1" ind2=" ">
    <subfield code="a">Miranda Luna, Noe</subfield>
  </datafield>
  <datafield tag="400" ind1="1" ind2=" ">
    <subfield code="a">Luna, Noe Miranda</subfield>
  </datafield>
  <datafield tag="670" ind1=" " ind2=" ">
    <subfield code="a">Estudio de la personalidad, 1990:</subfield>
    <subfield code="b">t.p. (Noe Miranda Luna; Universidad Auto휍혖noma de San Luis Potosi휍혖; Licenciado en Derecho)</subfield>
  </datafield>
</record>